<?xml version="1.0" encoding="UTF-8"?><collection xmlns="http://www.loc.gov/MARC21/slim"><record><leader>00389nam--2200121-i-4500</leader><controlfield tag="001">000016271</controlfield><controlfield tag="002">20161230</controlfield><controlfield tag="005">20161230201031</controlfield><controlfield tag="008">060222s1000------------r-----000-0-eng-d</controlfield><datafield ind1=" " ind2=" " tag="100"><subfield code="a">Chamblas,Roger</subfield></datafield><datafield ind1=" " ind2=" " tag="245"><subfield code="a">Contribution a la mesure des courants faibles en vue de l etude de la photoconductivite des produits luminescents.these</subfield></datafield><datafield ind1=" " ind2=" " tag="260"><subfield code="a">Lyon,Universite,1963. 77p.+ 73 Fig</subfield></datafield><datafield ind1=" " ind2=" " tag="852"><subfield code="a">77972</subfield></datafield></record></collection>